@Misc{ISO-C99,
  author = "ISO/IEC",
  title = "Programming languages --- {C}",
  note = "International standard ISO/IEC 9899:TC3",
  year = 2007,
}


@inproceedings {Padioleau-09,
   author = {Padioleau, Yoann},
   title = {Parsing {C/C++} Code without Pre-processing},
   booktitle = {Compiler Construction},
   series = lncs,
   publisher = springer,
   pages = {109--125},
   volume = {5501},
   year = {2009},
   URL="http://padator.org/papers/yacfe-cc09.pdf",
}

@article{Leroy-Compcert-CACM,
        author =        "Xavier Leroy",
        title =         "Formal verification of a realistic compiler",
        journal =       cacm,
        year =          2009,
        volume =        52,
        number =        7,
        pages =         "107--115",
URL="http://gallium.inria.fr/~xleroy/publi/compcert-CACM.pdf",
}

@inproceedings{Tristan-Leroy-softpipe,
        author =        "Jean-Baptiste Tristan and Xavier Leroy",
        title =         "A simple, verified validator for software pipelining",
        booktitle =     popl,
        pages = "83--92",
        publisher =     acmp,
        year =          2010,
URL="http://gallium.inria.fr/~xleroy/publi/validation-softpipe.pdf",
}

@inproceedings{Tristan-Leroy-LCM,
        author =        "Jean-Baptiste Tristan and Xavier Leroy",
        title =         "Verified Validation of {Lazy} {Code} {Motion}",
        booktitle =     pldi,
        year =          2009,
        publisher =     acmp,
        pages =         "316--326",
URL="http://gallium.inria.fr/~xleroy/publi/validation-LCM.pdf",
}

@inproceedings{Tristan-Leroy-scheduling,
        author = "Jean-Baptiste Tristan and Xavier Leroy",
        title = "Formal verification of translation validators:
                 A case study on instruction scheduling optimizations",
        booktitle = popl,
        pages =   "17--27",
        publisher = acmp,
        year = 2008,
URL="http://gallium.inria.fr/~xleroy/publi/validation-scheduling.pdf",
}

@phdthesis{Samet-phd,
        author = "Hanan Samet",
        title = "Automatically Proving the Correctness of
                 Translations Involving Optimized Code",
        school = "Stanford University",
        year = "1975",
URL="http://infolab.stanford.edu/TR/CS-TR-75-498.html",
}

@inproceedings{Pnueli-SS-98,
  author    = {Amir Pnueli and
               Michael Siegel and
               Eli Singerman},
  title     = {Translation Validation},
  year      = {1998},
  pages     = {151-166},
  booktitle = {Tools and Algorithms for Construction and Analysis of Systems,
               TACAS '98},
  publisher = springer,
  series    = lncs,
  volume    = {1384},
  URL="http://www.csl.sri.com/users/singermn/tv.ps",
}

@phdthesis{Barthwal-phd,
  author = "Aditi Barthwal",                   
  title = "A formalisation of the theory of context-free languages in higher order logic",
  school = "Australian National University",
  year = 2010,
  month = dec
}

@inproceedings{Necula-00,
        author =        "George C. Necula",
        title =         "Translation validation for an optimizing compiler",
        booktitle =     pldi,
        year =          2000,
        publisher =     acmp,
        pages =         "83--95",
        URL="http://www.cs.berkeley.edu/~necula/Papers/tv_pldi00.pdf"
}

@article{Klein-Nipkow-jinja,
        author =        {Gerwin Klein and Tobias Nipkow},
        title =         {A Machine-Checked Model for a {Java}-Like Language, Virtual Machine and Compiler},
        journal =       toplas,
        volume =         28,
        number =        4,
        pages =         "619--695",
        year =          2006,
        URL="http://www4.in.tum.de/~nipkow/pubs/Jinja/"
}

@Misc{coq-code,
  author = "Jacques-Henri Jourdan and Fran√ßois Pottier and Xavier Leroy",
  title = "Coq code for Validating \lrone Parsers",
  note = "\url{http://www.eleves.ens.fr/home/jjourdan/parserValidator.tgz}",
}
